<collection xmlns="http://www.loc.gov/MARC21/slim">
<record>
  <leader>00835nam0a22002171i 450 </leader>
  <controlfield tag="001">IT\ICCU\CNCE\058380</controlfield>
  <controlfield tag="005">20160301000000.0</controlfield>
  <datafield tag="012" ind1=" " ind2=" ">
    <subfield code="a">u-t. ,an- m-e- &amp;ccu (3) 1580 (R)</subfield>
    <subfield code="2">fei</subfield>
  </datafield>
  <datafield tag="100" ind1=" " ind2=" ">
    <subfield code="a">20040518d1580        0itac0103    ba</subfield>
  </datafield>
  <datafield tag="101" ind1=" " ind2=" ">
    <subfield code="a">LAT</subfield>
  </datafield>
  <datafield tag="102" ind1=" " ind2=" ">
    <subfield code="a">IT</subfield>
  </datafield>
  <datafield tag="200" ind1="1" ind2=" ">
    <subfield code="a">Constitutiones Synodales Ecclesiae Pisaurensis editae et promulgatae in Synodo Diocesana habita anno MDLXXX Kalendis Iunii</subfield>
  </datafield>
  <datafield tag="210" ind1=" " ind2=" ">
    <subfield code="a">Pisauri</subfield>
    <subfield code="c">apud Hieronymum Concordiam</subfield>
    <subfield code="d">1580</subfield>
  </datafield>
  <datafield tag="215" ind1=" " ind2=" ">
    <subfield code="a">163 \i.e. 173!, \19! p.</subfield>
    <subfield code="d">8ʻ</subfield>
  </datafield>
  <datafield tag="300" ind1=" " ind2=" ">
    <subfield code="a">ACCORPATA alla 24980</subfield>
  </datafield>
  <datafield tag="620" ind1=" " ind2=" ">
    <subfield code="a">IT</subfield>
    <subfield code="d">Pesaro</subfield>
  </datafield>
  <datafield tag="710" ind1="0" ind2="2">
    <subfield code="a">Pesaro</subfield>
    <subfield code="c"> &lt;Diocesi&gt;</subfield>
    <subfield code="3">7309</subfield>
  </datafield>
  <datafield tag="712" ind1="0" ind2="0">
    <subfield code="a">Concordia, Girolamo</subfield>
    <subfield code="3">IT\ICCU\CNCT\000006</subfield>
    <subfield code="4">650</subfield>
  </datafield>
  <datafield tag="791" ind1="0" ind2="0">
    <subfield code="a">Concordia, Hieronymus</subfield>
    <subfield code="3">IT\ICCU\CNCT\004659</subfield>
    <subfield code="z">Concordia, Girolamo</subfield>
  </datafield>
  <datafield tag="791" ind1="0" ind2="0">
    <subfield code="a">Concordia, Gieronimo</subfield>
    <subfield code="3">IT\ICCU\CNCT\004660</subfield>
    <subfield code="z">Concordia, Girolamo</subfield>
  </datafield>
  <datafield tag="801" ind1=" " ind2="3">
    <subfield code="a">IT</subfield>
    <subfield code="b">ICCU</subfield>
    <subfield code="c">20201115</subfield>
  </datafield>
</record>
</collection>
